%% This BibTeX bibliography file was created using BibDesk.
%% http://bibdesk.sourceforge.net/

%% Created for Teddy Young at 2018-05-07 10:22:04 -0500 


%% Saved with string encoding Unicode (UTF-8) 



@article{franovic2013mean,
	Author = {Franovi{\'c}, Igor and Todorovi{\'c}, Kristina and Vasovi{\'c}, Neboj{\v{s}}a and Buri{\'c}, Nikola},
	Date-Added = {2018-05-07 04:50:42 +0000},
	Date-Modified = {2018-05-07 04:50:42 +0000},
	Journal = {Physical Review E},
	Number = {1},
	Pages = {012922},
	Publisher = {APS},
	Title = {Mean-field approximation of two coupled populations of excitable units},
	Volume = {87},
	Year = {2013}}

@article{gu2013white,
	Author = {Gu, Hua-Guang and Jia, Bing and Li, Yu-Ye and Chen, Guan-Rong},
	Date-Added = {2018-05-07 04:50:13 +0000},
	Date-Modified = {2018-05-07 04:50:13 +0000},
	Journal = {Physica A: Statistical Mechanics and its Applications},
	Number = {6},
	Pages = {1361--1374},
	Publisher = {Elsevier},
	Title = {White noise-induced spiral waves and multiple spatial coherence resonances in a neuronal network with type I excitability},
	Volume = {392},
	Year = {2013}}

@article{lansky2016gamma,
	Author = {Lansky, Petr and Sacerdote, Laura and Zucca, Cristina},
	Date-Added = {2018-05-07 04:49:53 +0000},
	Date-Modified = {2018-05-07 04:49:53 +0000},
	Journal = {Biological cybernetics},
	Number = {2-3},
	Pages = {193--200},
	Publisher = {Springer},
	Title = {The Gamma renewal process as an output of the diffusion leaky integrate-and-fire neuronal model},
	Volume = {110},
	Year = {2016}}

@article{grace2013predictability,
	Author = {Grace, Miriam and H{\"u}tt, Marc-Thorsten},
	Date-Added = {2018-05-07 04:49:34 +0000},
	Date-Modified = {2018-05-07 04:49:34 +0000},
	Journal = {Journal of The Royal Society Interface},
	Number = {81},
	Pages = {20121016},
	Publisher = {The Royal Society},
	Title = {Predictability of spatio-temporal patterns in a lattice of coupled FitzHugh--Nagumo oscillators},
	Volume = {10},
	Year = {2013}}

@article{ma2016prediction,
	Author = {Ma, Jun and Xu, Ying and Ren, Guodong and Wang, Chunni},
	Date-Added = {2018-05-07 04:49:09 +0000},
	Date-Modified = {2018-05-07 04:49:09 +0000},
	Journal = {Nonlinear Dynamics},
	Number = {2},
	Pages = {497--509},
	Publisher = {Springer},
	Title = {Prediction for breakup of spiral wave in a regular neuronal network},
	Volume = {84},
	Year = {2016}}

@article{xie2008change,
	Author = {Xie, Yong and Aihara, Kazuyuki and Kang, Yan Mei},
	Date-Added = {2018-05-07 04:48:44 +0000},
	Date-Modified = {2018-05-07 04:48:44 +0000},
	Journal = {Physical Review E},
	Number = {2},
	Pages = {021917},
	Publisher = {APS},
	Title = {Change in types of neuronal excitability via bifurcation control},
	Volume = {77},
	Year = {2008}}

@article{garcia1999noise,
	Author = {Garc{\'\i}a-Ojalvo, J and Schimansky-Geier, L},
	Date-Added = {2018-05-07 04:48:21 +0000},
	Date-Modified = {2018-05-07 04:48:21 +0000},
	Journal = {EPL (Europhysics Letters)},
	Number = {3},
	Pages = {298},
	Publisher = {IOP Publishing},
	Title = {Noise-induced spiral dynamics in excitable media},
	Volume = {47},
	Year = {1999}}

@article{guckenheimer1993bifurcation,
	Author = {Guckenheimer, John and Labouriau, JS},
	Date-Added = {2018-05-07 04:47:13 +0000},
	Date-Modified = {2018-05-07 04:47:13 +0000},
	Journal = {Bulletin of Mathematical Biology},
	Number = {5},
	Pages = {937},
	Publisher = {Springer},
	Title = {Bifurcation of the Hodgkin and Huxley equations: a new twist},
	Volume = {55},
	Year = {1993}}

@article{zheng2008formation,
	Author = {Zheng-Ning, Gan and Jun, Ma and Guo-Yong, Zhang and Yong, Chen},
	Date-Added = {2018-05-07 04:46:11 +0000},
	Date-Modified = {2018-05-07 04:46:11 +0000},
	Journal = {Chinese Physics B},
	Number = {11},
	Pages = {4047},
	Publisher = {IOP Publishing},
	Title = {Formation and instability of spiral wave induced by Gaussian coloured noise},
	Volume = {17},
	Year = {2008}}

@inproceedings{zhu2014equilibrium,
	Author = {Zhu, Xinhe and Wu, Zhiqiang},
	Booktitle = {Abstract and Applied Analysis},
	Date-Added = {2018-05-07 04:45:37 +0000},
	Date-Modified = {2018-05-07 04:45:37 +0000},
	Organization = {Hindawi},
	Title = {Equilibrium point bifurcation and singularity analysis of HH model with constraint},
	Volume = {2014},
	Year = {2014}}

@article{feng2006dynamics,
	Author = {Feng, Jianfeng and Deng, Yingchun and Rossoni, Enrico},
	Date-Added = {2018-05-07 04:45:19 +0000},
	Date-Modified = {2018-05-07 04:45:19 +0000},
	Journal = {Physical Review E},
	Number = {4},
	Pages = {041906},
	Publisher = {APS},
	Title = {Dynamics of moment neuronal networks},
	Volume = {73},
	Year = {2006}}

@article{ma2011channel,
	Author = {Ma, Jun and Wu, Ying and Ying, HePing and Jia, Ya},
	Date-Added = {2018-05-07 04:44:53 +0000},
	Date-Modified = {2018-05-07 04:44:53 +0000},
	Journal = {Chinese science bulletin},
	Number = {2},
	Pages = {151--157},
	Publisher = {Springer},
	Title = {Channel noise-induced phase transition of spiral wave in networks of Hodgkin-Huxley neurons},
	Volume = {56},
	Year = {2011}}

@article{wang2007bifurcation,
	Author = {Wang, Jiang and Chen, Liangquan and Fei, Xianyang},
	Date-Added = {2018-05-07 04:44:27 +0000},
	Date-Modified = {2018-05-07 04:44:27 +0000},
	Journal = {Chaos, Solitons \& Fractals},
	Number = {1},
	Pages = {217--224},
	Publisher = {Elsevier},
	Title = {Bifurcation control of the Hodgkin--Huxley equations},
	Volume = {33},
	Year = {2007}}

@article{liu2013dynamic,
	Author = {Liu, Shao-Bao and Wu, Ying and Li, Jia-Jia and Xie, Yong and Tan, Ning},
	Date-Added = {2018-05-07 04:43:56 +0000},
	Date-Modified = {2018-05-07 04:43:56 +0000},
	Journal = {Nonlinear Dynamics},
	Number = {1-2},
	Pages = {1055--1063},
	Publisher = {Springer},
	Title = {The dynamic behavior of spiral waves in stochastic Hodgkin--Huxley neuronal networks with ion channel blocks},
	Volume = {73},
	Year = {2013}}

@article{wang2007analysis,
	Author = {Wang, Jiang and Chen, Liangquan and Fei, Xianyang},
	Date-Added = {2018-05-07 04:43:33 +0000},
	Date-Modified = {2018-05-07 04:43:33 +0000},
	Journal = {Chaos, Solitons \& Fractals},
	Number = {1},
	Pages = {247--256},
	Publisher = {Elsevier},
	Title = {Analysis and control of the bifurcation of Hodgkin--Huxley model},
	Volume = {31},
	Year = {2007}}

@article{dong2017hopf,
	Author = {Dong, Tao and Xu, Weiyi and Liao, Xiaofeng},
	Date-Added = {2018-05-07 04:42:55 +0000},
	Date-Modified = {2018-05-07 04:42:55 +0000},
	Journal = {Nonlinear Dynamics},
	Number = {4},
	Pages = {2329--2345},
	Publisher = {Springer},
	Title = {Hopf bifurcation analysis of reaction--diffusion neural oscillator system with excitatory-to-inhibitory connection and time delay},
	Volume = {89},
	Year = {2017}}

@article{xie2008controlling,
	Author = {Xie, Yong and Chen, Luonan and Kang, Yan Mei and Aihara, Kazuyuki},
	Date-Added = {2018-05-07 04:35:57 +0000},
	Date-Modified = {2018-05-07 04:35:57 +0000},
	Journal = {Physical Review E},
	Number = {6},
	Pages = {061921},
	Publisher = {APS},
	Title = {Controlling the onset of Hopf bifurcation in the Hodgkin-Huxley model},
	Volume = {77},
	Year = {2008}}

@book{hassard1981theory,
	Address = {Cambridge},
	Author = {Hassard, Brian D and Kazarinoff, Nicholas D and Wan, Y-H},
	Date-Modified = {2018-05-07 15:22:04 +0000},
	Publisher = {CUP Archive},
	Title = {Theory and applications of Hopf bifurcation},
	Volume = {41},
	Year = {1981}}

@book{gerstner2002spiking,
	Address = {Cambridge},
	Author = {Gerstner, Wulfram and Kistler, Werner M},
	Date-Modified = {2018-05-07 15:19:43 +0000},
	Publisher = {Cambridge university press},
	Title = {Spiking neuron models: Single neurons, populations, plasticity},
	Year = {2002}}
